
@unpublished{moore_overview_2022,
	title = {Overview of Invasive Species Issues on Guam, Pacific Ecological Security Conference, Palau, October 6, 2022},
	url = {https://zenodo.org/record/7593110},
	abstract = {Oral presentation at the Pacific Ecological Security Conference, Palau, October 6, 2022 at a side meeting organized by the {US} Department of the Interior - Office of Insular Affairs},
	author = {Moore, Aubrey and Quitugua, Roland and Dulla, Glenn},
	urldate = {2023-02-01},
	date = {2022-10-06},
	doi = {10.5281/zenodo.7593110},
	file = {Zenodo Full Text PDF:/home/aubrey/snap/zotero-snap/common/Zotero/storage/Z92WZZS8/Moore et al. - 2022 - Overview of Invasive Species Issues on Guam, Pacif.pdf:application/pdf},
}
